<record><leader>00000cas a2200000 a 4500</leader><controlfield tag="001">13209902</controlfield><controlfield tag="008">860228d18801881couwr ne      0    0eng d</controlfield><datafield ind1=" " ind2=" " tag="010"><subfield code="a">sn 86063176 </subfield></datafield><datafield ind1=" " ind2=" " tag="040"><subfield code="a">KSH</subfield><subfield code="b">eng</subfield><subfield code="c">KSH</subfield><subfield code="d">NPT</subfield><subfield code="d">CNQ</subfield><subfield code="d">OCL</subfield><subfield code="d">OCLCQ</subfield><subfield code="d">CGAVW</subfield><subfield code="d">OCLCO</subfield><subfield code="d">OCLCF</subfield></datafield><datafield ind1="1" ind2=" " tag="029"><subfield code="a">AU@</subfield><subfield code="b">000022167344</subfield></datafield><datafield ind1=" " ind2=" " tag="042"><subfield code="a">msc</subfield></datafield><datafield ind1="0" ind2="4" tag="245"><subfield code="a">The Gunnison democrat.</subfield></datafield><datafield ind1=" " ind2=" " tag="260"><subfield code="a">Gunnison, Colo. :</subfield><subfield code="b">Democrat Co.</subfield></datafield><datafield ind1=" " ind2=" " tag="300"><subfield code="a">v.</subfield></datafield><datafield ind1=" " ind2=" " tag="310"><subfield code="a">Weekly</subfield></datafield><datafield ind1="0" ind2=" " tag="362"><subfield code="a">Vol. 1, no. 1 (Aug. 4, 1880)-v. 2, no. 19 (May 11, 1881).</subfield></datafield><datafield ind1=" " ind2="0" tag="651"><subfield code="a">Gunnison (Colo.)</subfield><subfield code="v">Periodicals.</subfield></datafield><datafield ind1=" " ind2="0" tag="651"><subfield code="a">Gunnison (Colo.)</subfield><subfield code="x">History</subfield><subfield code="v">Sources.</subfield></datafield><datafield ind1=" " ind2="7" tag="655"><subfield code="a">History.</subfield><subfield code="2">fast</subfield><subfield code="0">(OCoLC)fst01411628</subfield></datafield><datafield ind1=" " ind2="7" tag="655"><subfield code="a">Periodicals.</subfield><subfield code="2">fast</subfield><subfield code="0">(OCoLC)fst01411641</subfield></datafield><datafield ind1=" " ind2="7" tag="655"><subfield code="a">Sources.</subfield><subfield code="2">fast</subfield><subfield code="0">(OCoLC)fst01423900</subfield></datafield><datafield ind1=" " ind2="7" tag="651"><subfield code="a">Colorado</subfield><subfield code="z">Gunnison.</subfield><subfield code="2">fast</subfield><subfield code="0">(OCoLC)fst01208391</subfield></datafield><datafield ind1=" " ind2=" " tag="752"><subfield code="a">United States</subfield><subfield code="b">Colorado</subfield><subfield code="c">Gunnison</subfield><subfield code="d">Gunnison.</subfield></datafield><datafield ind1="0" ind2=" " tag="775"><subfield code="t">Gunnison daily democrat</subfield><subfield code="w">(DLC)sn 91052619</subfield></datafield><datafield ind1="0" ind2="7" tag="785"><subfield code="t">Gunnison news</subfield><subfield code="w">(OCoLC)11447765</subfield></datafield><datafield ind1="0" ind2="7" tag="785"><subfield code="t">Gunnison news and democrat</subfield><subfield code="w">(DLC)sn 86063179</subfield></datafield></record>